@article{walsh2000sat,
  title={Sat v csp},
  author={Walsh, Toby},
  journal={Principles and Practice of Constraint Programming--CP 2000},
  pages={441--456},
  year={2000},
  publisher={Springer}
}

@inproceedings{soh2015hybrid,
	title={A hybrid encoding of CSP to SAT integrating order and log encodings},
	author={Soh, Takehide and Banbara, Mutsunori and Tamura, Naoyuki},
	booktitle={Tools with Artificial Intelligence (ICTAI), 2015 IEEE 27th International Conference on},
	pages={421--428},
	year={2015},
	organization={IEEE}
}

@article{tamura2008sugar,
	title={Sugar: A CSP to SAT translator based on order encoding},
	author={Tamura, Naoyuki and Banbara, Mutsunori},
	journal={Proceedings of the Second International CSP Solver Competition},
	pages={65--69},
	year={2008}
}

@inproceedings{petke2011order,
	title={The Order Encoding: From Tractable CSP to Tractable SAT.},
	author={Petke, Justyna and Jeavons, Peter},
	booktitle={SAT},
	pages={371--372},
	year={2011},
	organization={Springer}
}

@inproceedings{barahona2014efficient,
	title={Efficient SAT-Encoding of Linear CSP Constraints.},
	author={Barahona, Pedro and H{\"o}lldobler, Steffen and Nguyen, Van-Hau},
	booktitle={ISAIM},
	year={2014}
}

@article{jeavons2012local,
	title={Local consistency and SAT-solvers},
	author={Jeavons, Peter and Petke, Justyna},
	journal={Journal of Artificial Intelligence Research},
	volume={43},
	pages={329--351},
	year={2012}
}

@article{tamura2009compiling,
	title={Compiling finite linear CSP into SAT},
	author={Tamura, Naoyuki and Taga, Akiko and Kitagawa, Satoshi and Banbara, Mutsunori},
	journal={Constraints},
	volume={14},
	number={2},
	pages={254--272},
	year={2009},
	publisher={Springer}
}